@ARTICLE{anfis,
  author={J. -. R. {Jang}},
  journal={IEEE Transactions on Systems, Man, and Cybernetics}, 
  title={ANFIS: adaptive-network-based fuzzy inference system}, 
  year={1993},
  volume={23},
  number={3},
  pages={665-685},
  doi={10.1109/21.256541}}
  
@article{Sugeno,
    title = "Takagi–Sugeno fuzzy inference system for modeling stage–discharge relationship",
    journal = "Journal of Hydrology",
    volume = "331",
    number = "1",
    pages = "146 - 160",
    year = "2006",
    note = "Water Resources in Regional Development: The Okavango River",
    issn = "0022-1694",
    doi = "https://doi.org/10.1016/j.jhydrol.2006.05.007",
    url = "http://www.sciencedirect.com/science/article/pii/S0022169406002733",
    author = "A.K. Lohani and N.K. Goel and K.K.S. Bhatia",
    keywords = "Fuzzy logic, Takagi–Sugeno fuzzy inference system, Artificial neural network, Hysteresis effect, Loop rating curve, Clustering",
}

@incollection{fuzzy:zadeh,
  title={Fuzzy sets},
  author={Zadeh, Lotfi A},
  booktitle={Fuzzy sets, fuzzy logic, and fuzzy systems: selected papers by Lotfi A Zadeh},
  pages={394--432},
  year={1996},
  publisher={World Scientific}
}

@article{scikit-learn,
 title={Scikit-learn: Machine Learning in {P}ython},
 author={Pedregosa, F. and Varoquaux, G. and Gramfort, A. and Michel, V.
         and Thirion, B. and Grisel, O. and Blondel, M. and Prettenhofer, P.
         and Weiss, R. and Dubourg, V. and Vanderplas, J. and Passos, A. and
         Cournapeau, D. and Brucher, M. and Perrot, M. and Duchesnay, E.},
 journal={Journal of Machine Learning Research},
 volume={12},
 pages={2825--2830},
 year={2011}
}

@misc{tensorflow,
title={{TensorFlow}: Large-Scale Machine Learning on Heterogeneous Systems},
url={http://tensorflow.org/},
note={Software available from tensorflow.org},
author={
    Mart\'{\i}n~Abadi and
    Ashish~Agarwal and
    Paul~Barham and
    Eugene~Brevdo and
    Zhifeng~Chen and
    Craig~Citro and
    Greg~S.~Corrado and
    Andy~Davis and
    Jeffrey~Dean and
    Matthieu~Devin and
    Sanjay~Ghemawat and
    Ian~Goodfellow and
    Andrew~Harp and
    Geoffrey~Irving and
    Michael~Isard and
    Yangqing Jia and
    Rafal~Jozefowicz and
    Lukasz~Kaiser and
    Manjunath~Kudlur and
    Josh~Levenberg and
    Dan~Man\'{e} and
    Rajat~Monga and
    Sherry~Moore and
    Derek~Murray and
    Chris~Olah and
    Mike~Schuster and
    Jonathon~Shlens and
    Benoit~Steiner and
    Ilya~Sutskever and
    Kunal~Talwar and
    Paul~Tucker and
    Vincent~Vanhoucke and
    Vijay~Vasudevan and
    Fernanda~Vi\'{e}gas and
    Oriol~Vinyals and
    Pete~Warden and
    Martin~Wattenberg and
    Martin~Wicke and
    Yuan~Yu and
    Xiaoqiang~Zheng},
  year={2015},
}

@Article{matplotlib,
  Author    = {Hunter, J. D.},
  Title     = {Matplotlib: A 2D graphics environment},
  Journal   = {Computing in Science \& Engineering},
  Volume    = {9},
  Number    = {3},
  Pages     = {90--95},
  abstract  = {Matplotlib is a 2D graphics package used for Python for
  application development, interactive scripting, and publication-quality
  image generation across user interfaces and operating systems.},
  publisher = {IEEE COMPUTER SOC},
  doi       = {10.1109/MCSE.2007.55},
  year      = 2007
}
@article{PCA:12,
author = {Espirito Santo, Rafael},
year = {2012},
month = {06},
pages = {135-9},
title = {Principal Component Analysis applied to digital image compression},
volume = {10},
journal = {Einstein (São Paulo, Brazil)},
doi = {10.1590/S1679-45082012000200004}
}